<record><leader>00905nam a2200289 a 4500</leader><controlfield tag="001">017099654</controlfield><controlfield tag="003">UkOxU</controlfield><controlfield tag="005">20091203102842.0</controlfield><controlfield tag="008">070109s2007    enka          000 0 eng  </controlfield><datafield tag="015" ind1=" " ind2=" "><subfield code="a">GBA704939</subfield><subfield code="2">bnb</subfield></datafield><datafield tag="020" ind1=" " ind2=" "><subfield code="a">9781844255986 (hbk.) :</subfield><subfield code="c">£19.99</subfield></datafield><datafield tag="020" ind1=" " ind2=" "><subfield code="a">1844255980 (hbk.) :</subfield><subfield code="c">£19.99</subfield></datafield><datafield tag="035" ind1=" " ind2=" "><subfield code="a">(IeDuTC)b14614206</subfield></datafield><datafield tag="035" ind1=" " ind2=" "><subfield code="a">(UkLCURL)08b14614206</subfield></datafield><datafield tag="038" ind1=" " ind2=" "><subfield code="a">Uk</subfield></datafield><datafield tag="040" ind1=" " ind2=" "><subfield code="a">StDuBDS</subfield><subfield code="b">eng</subfield><subfield code="c">StDuBDS</subfield></datafield><datafield tag="049" ind1=" " ind2=" "><subfield code="j">CU</subfield><subfield code="k">08b14614206</subfield><subfield code="l">b</subfield></datafield><datafield tag="082" ind1="0" ind2="4"><subfield code="a">629.28775</subfield><subfield code="2">22</subfield></datafield><datafield tag="090" ind1=" " ind2=" "><subfield code="a">TCD</subfield><subfield code="b">HX-82-250</subfield></datafield><datafield tag="100" ind1="1" ind2=" "><subfield code="a">Mather, Phil.</subfield></datafield><datafield tag="245" ind1="1" ind2="0"><subfield code="a">BMW R1200 service &amp; repair manual, 2004 to 2006 /</subfield><subfield code="c">Phil Mather.</subfield></datafield><datafield tag="260" ind1=" " ind2=" "><subfield code="a">Sparkford :</subfield><subfield code="b">Haynes,</subfield><subfield code="c">2007.</subfield></datafield><datafield tag="300" ind1=" " ind2=" "><subfield code="a">1 v. :</subfield><subfield code="b">ill. ;</subfield><subfield code="c">28 cm.</subfield></datafield><datafield tag="490" ind1="1" ind2=" "><subfield code="a">Haynes service and repair manual series</subfield></datafield><datafield tag="650" ind1=" " ind2="0"><subfield code="a">BMW motorcycle</subfield><subfield code="x">Maintenance and repair</subfield><subfield code="v">Amateurs' manuals.</subfield></datafield><datafield tag="830" ind1=" " ind2="0"><subfield code="a">Haynes service and repair manual series</subfield></datafield><datafield tag="852" ind1="8" ind2=" "><subfield code="a">UkOxU</subfield><subfield code="b">BODBL</subfield></datafield></record>