<record><leader>00888nam a22002898a 4500</leader><controlfield tag="001">019415065</controlfield><controlfield tag="003">UkOxU</controlfield><controlfield tag="005">20121120211419.0</controlfield><controlfield tag="008">120423s2012    enk           000 0 eng|d</controlfield><datafield tag="015" ind1=" " ind2=" "><subfield code="a">GBB240776</subfield><subfield code="2">bnb</subfield></datafield><datafield tag="020" ind1=" " ind2=" "><subfield code="a">9781844259250 (hbk.) :</subfield><subfield code="c">£24.99</subfield></datafield><datafield tag="020" ind1=" " ind2=" "><subfield code="a">1844259250 (hbk.) :</subfield><subfield code="c">£24.99</subfield></datafield><datafield tag="035" ind1=" " ind2=" "><subfield code="a">(Uk)016073187</subfield></datafield><datafield tag="035" ind1=" " ind2=" "><subfield code="a">(StEdALDL)1/2799578</subfield></datafield><datafield tag="040" ind1=" " ind2=" "><subfield code="a">StDuBDS</subfield><subfield code="b">eng</subfield><subfield code="c">StDuBDS</subfield></datafield><datafield tag="049" ind1=" " ind2=" "><subfield code="a">CROBAR</subfield></datafield><datafield tag="082" ind1="0" ind2="4"><subfield code="a">629.28775</subfield><subfield code="2">23</subfield></datafield><datafield tag="100" ind1="1" ind2=" "><subfield code="a">Mather, Phil.</subfield></datafield><datafield tag="245" ind1="1" ind2="0"><subfield code="a">BMW R1200 dohc air-cooled service &amp; repair manual :</subfield><subfield code="b">2010-2012 /</subfield><subfield code="c">Phil Mather.</subfield></datafield><datafield tag="260" ind1=" " ind2=" "><subfield code="a">Sparkford :</subfield><subfield code="b">Haynes,</subfield><subfield code="c">2012.</subfield></datafield><datafield tag="263" ind1=" " ind2=" "><subfield code="a">201208</subfield></datafield><datafield tag="300" ind1=" " ind2=" "><subfield code="a">1 v. ;</subfield><subfield code="c">28 cm.</subfield></datafield><datafield tag="490" ind1="0" ind2=" "><subfield code="a">Haynes service &amp; repair manual</subfield></datafield><datafield tag="650" ind1=" " ind2="0"><subfield code="a">BMW motorcycle</subfield><subfield code="x">Maintenance and repair</subfield><subfield code="v">Amateurs' manuals.</subfield></datafield><datafield tag="852" ind1=" " ind2=" "><subfield code="a">UkOxU</subfield><subfield code="b">BODBL</subfield><subfield code="h">XWeek 47 (12)</subfield></datafield><datafield tag="980" ind1=" " ind2=" "><subfield code="g">1</subfield><subfield code="f">1/2799578</subfield></datafield><datafield tag="981" ind1=" " ind2=" "><subfield code="d">Agency file oxf2012-47.1</subfield></datafield></record>