<record><leader>00933nam a2200253 a 4500</leader><controlfield tag="001">017237965</controlfield><controlfield tag="003">UkOxU</controlfield><controlfield tag="005">20120201134744.0</controlfield><controlfield tag="007">ta</controlfield><controlfield tag="008">080925e200902uuxxk    g |||||||0|0 eng|d</controlfield><datafield tag="020" ind1=" " ind2=" "><subfield code="a">9781844258017 (hbk.) :</subfield><subfield code="c">£19.99</subfield></datafield><datafield tag="020" ind1=" " ind2=" "><subfield code="a">1844258017 (hbk.) :</subfield><subfield code="c">£19.99</subfield></datafield><datafield tag="035" ind1=" " ind2=" "><subfield code="a">(UK-WkNB)9781844258017</subfield></datafield><datafield tag="035" ind1=" " ind2=" "><subfield code="a">(StEdALDL)1/2345108</subfield></datafield><datafield tag="040" ind1=" " ind2=" "><subfield code="a">UK-WkNB</subfield><subfield code="b">eng</subfield><subfield code="c">UK-WkNB</subfield><subfield code="d">UkOxU</subfield></datafield><datafield tag="100" ind1="1" ind2=" "><subfield code="a">Mather, Phil.</subfield></datafield><datafield tag="245" ind1="1" ind2="0"><subfield code="a">BMW R1200 service and repair manual :</subfield><subfield code="b">2004 to 2008 /</subfield><subfield code="c">Phil Mather.</subfield></datafield><datafield tag="250" ind1=" " ind2=" "><subfield code="a">rev. ed.</subfield></datafield><datafield tag="260" ind1=" " ind2=" "><subfield code="a">Somerset :</subfield><subfield code="b">J H Haynes &amp; Co Ltd :</subfield><subfield code="b">[distributor] Haynes Publishing :</subfield><subfield code="b">[distributor] Bookworks Pty Ltd :</subfield><subfield code="b">[distributor] Pace Publications New Zealand :</subfield><subfield code="b">[distributor] Motorbooks International,</subfield><subfield code="c">2009.</subfield></datafield><datafield tag="300" ind1=" " ind2=" "><subfield code="a">336 p. ;</subfield><subfield code="c">28x21 cm.</subfield></datafield><datafield tag="500" ind1=" " ind2=" "><subfield code="a">Hardback.</subfield></datafield><datafield tag="500" ind1=" " ind2=" "><subfield code="a">Replaces: 9781844255986.</subfield></datafield><datafield tag="830" ind1=" " ind2="0"><subfield code="a">Haynes service and repair manual series</subfield></datafield><datafield tag="852" ind1="8" ind2=" "><subfield code="a">UkOxU</subfield><subfield code="b">BODBL</subfield><subfield code="h">XWeek 25 (10)</subfield></datafield></record>