<record><leader>00808nam a22002538a 4500</leader><controlfield tag="001">017305505</controlfield><controlfield tag="003">UkOxU</controlfield><controlfield tag="005">20101102173603.0</controlfield><controlfield tag="008">100322s2010    enk           000|0 eng|d</controlfield><datafield tag="015" ind1=" " ind2=" "><subfield code="a">GBB046975</subfield><subfield code="2">bnb</subfield></datafield><datafield tag="020" ind1=" " ind2=" "><subfield code="a">9781844258727 (hbk.) :</subfield><subfield code="c">£22.99</subfield></datafield><datafield tag="020" ind1=" " ind2=" "><subfield code="a">1844258726 (hbk.) :</subfield><subfield code="c">£22.99</subfield></datafield><datafield tag="035" ind1=" " ind2=" "><subfield code="a">(Uk)015523148</subfield></datafield><datafield tag="035" ind1=" " ind2=" "><subfield code="a">(StEdALDL)1/2360637</subfield></datafield><datafield tag="040" ind1=" " ind2=" "><subfield code="a">StDuBDS</subfield><subfield code="b">eng</subfield><subfield code="c">StDuBDS</subfield></datafield><datafield tag="082" ind1="0" ind2="4"><subfield code="a">629.28775</subfield><subfield code="2">22</subfield></datafield><datafield tag="100" ind1="1" ind2=" "><subfield code="a">Mather, Phil.</subfield></datafield><datafield tag="245" ind1="1" ind2="0"><subfield code="a">BMW F8000 (inc F650) twins service &amp; repair manual :</subfield><subfield code="b">2006 to 2010 /</subfield><subfield code="c">Phil Mather.</subfield></datafield><datafield tag="260" ind1=" " ind2=" "><subfield code="a">Sparkford :</subfield><subfield code="b">Haynes,</subfield><subfield code="c">2010.</subfield></datafield><datafield tag="263" ind1=" " ind2=" "><subfield code="a">201008</subfield></datafield><datafield tag="300" ind1=" " ind2=" "><subfield code="a">1 v. ;</subfield><subfield code="c">28 cm.</subfield></datafield><datafield tag="490" ind1="0" ind2=" "><subfield code="a">Haynes service and repair manual series</subfield></datafield><datafield tag="650" ind1=" " ind2="0"><subfield code="a">BMW motorcycle</subfield><subfield code="x">Maintenance and repair</subfield><subfield code="v">Amateurs' manuals.</subfield></datafield><datafield tag="852" ind1="8" ind2=" "><subfield code="a">UkOxU</subfield><subfield code="b">BODBL</subfield><subfield code="h">XWeek 45 (10)</subfield></datafield></record></collection>